<collection xmlns="http://www.loc.gov/MARC21/slim">
<record>
  <leader>01347nam0a2200277 i 450 </leader>
  <controlfield tag="001">IT\ICCU\CNCE\070433</controlfield>
  <controlfield tag="005">20191217000000.0</controlfield>
  <datafield tag="012" ind1=" " ind2=" ">
    <subfield code="a">i,i, lele tera hoSt (C) 1518 (Q)</subfield>
    <subfield code="2">fei</subfield>
  </datafield>
  <datafield tag="100" ind1=" " ind2=" ">
    <subfield code="a">20070426f1518        0itac0103    ba</subfield>
  </datafield>
  <datafield tag="101" ind1=" " ind2=" ">
    <subfield code="a">ITA</subfield>
  </datafield>
  <datafield tag="102" ind1=" " ind2=" ">
    <subfield code="a">IT</subfield>
  </datafield>
  <datafield tag="200" ind1="1" ind2=" ">
    <subfield code="a">Operetta nuoua amorosa de Nocturno Napolitano, nela qual si contiene strambotti sonetti capitoli epistole et una disperata</subfield>
  </datafield>
  <datafield tag="210" ind1=" " ind2=" ">
    <subfield code="a">\Ferrara</subfield>
    <subfield code="c">Sigismondo Mazzocchi</subfield>
    <subfield code="d">1518?!</subfield>
    <subfield code="e">Stampata in Ferrara</subfield>
    <subfield code="g">per Sigismondo Mazocho</subfield>
  </datafield>
  <datafield tag="215" ind1=" " ind2=" ">
    <subfield code="a">\12! c.</subfield>
    <subfield code="d">8ʻ</subfield>
  </datafield>
  <datafield tag="300" ind1=" " ind2=" ">
    <subfield code="a">Per la data cfr.: A. Zampieri, Il Notturno Napolitano, in &quot;La bibliofilia&quot;, 78 (1976), p. 122, scheda If</subfield>
  </datafield>
  <datafield tag="620" ind1=" " ind2=" ">
    <subfield code="a">IT</subfield>
    <subfield code="d">Ferrara</subfield>
  </datafield>
  <datafield tag="700" ind1=" " ind2="0">
    <subfield code="a">Notturno Napoletano</subfield>
    <subfield code="3">IT\ICCU\CNCA\006825</subfield>
  </datafield>
  <datafield tag="712" ind1="0" ind2="0">
    <subfield code="a">Mazzocchi, Sigismondo</subfield>
    <subfield code="3">IT\ICCU\CNCT\006140</subfield>
    <subfield code="4">650</subfield>
  </datafield>
  <datafield tag="790" ind1=" " ind2="0">
    <subfield code="a">Syrena nocturna neapolitana</subfield>
    <subfield code="3">IT\ICCU\CNCA\019981</subfield>
    <subfield code="z">Notturno Napoletano</subfield>
  </datafield>
  <datafield tag="791" ind1="0" ind2="0">
    <subfield code="a">Mazocho, Sigismondo</subfield>
    <subfield code="3">IT\ICCU\CNCT\006141</subfield>
    <subfield code="z">Mazzocchi, Sigismondo</subfield>
  </datafield>
  <datafield tag="791" ind1="0" ind2="0">
    <subfield code="a">Mazochius, Sigismondus</subfield>
    <subfield code="3">IT\ICCU\CNCT\006142</subfield>
    <subfield code="z">Mazzocchi, Sigismondo</subfield>
  </datafield>
  <datafield tag="801" ind1=" " ind2="3">
    <subfield code="a">IT</subfield>
    <subfield code="b">ICCU</subfield>
    <subfield code="c">20201115</subfield>
  </datafield>
  <datafield tag="899" ind1=" " ind2=" ">
    <subfield code="a">Biblioteca comunale dell&apos;Archiginnasio. Bologna</subfield>
    <subfield code="1">BO0304</subfield>
    <subfield code="2">UBO GA</subfield>
  </datafield>
  <datafield tag="899" ind1=" " ind2=" ">
    <subfield code="a">British Library. London</subfield>
    <subfield code="1">UK0001</subfield>
  </datafield>
  <datafield tag="911" ind1=" " ind2=" ">
    <subfield code="a">Sul front.</subfield>
    <subfield code="9">IT\ICCU\CNCM\000910</subfield>
  </datafield>
  <datafield tag="921" ind1=" " ind2=" ">
    <subfield code="a">IT\ICCU\CNCM\000910</subfield>
    <subfield code="b">Corona con in basso le iniziali I.M. In cornice</subfield>
    <subfield code="c">K30</subfield>
    <subfield code="c">T7</subfield>
    <subfield code="f">CORONA</subfield>
    <subfield code="f">IM</subfield>
    <subfield code="g">1509-1520</subfield>
  </datafield>
</record>
</collection>
